0                 01MBL       SpaceshipAu               00000020180108    080118                                        
1011-551   123456 500000000100Paul Smith                                        123-456123456789SpaceshipAu     00000000
1011-552   123456 500000000100John Dickson                                      123-456123456789SpaceshipAu     00000000
1011-553   123456 500000000100Peter Jackson                                     123-456123456789SpaceshipAu     00000000
1011-554   123456 500000000100Sacha Belle                                       123-456123456789SpaceshipAu     00000000
7999-999            000000040000000004000000000000                        000004                                        